@article{Sebastiani2002,
	Author = {F Sebastiani},
	Title = {Machine Learning in Automated Text Categorization},
	Year = {2002}}

@article{Carmona2011,
	Author = { Carmona-Cejudo, J.M. ; Baena-Garcia, M. ;  del Campo-Avila, J. ;  Morales-Bueno, R.},
	Journal = {Computational Intelligence and Data Mining (CIDM), IEEE},
	Title = {Feature Extraction for Multi-label Learning in the Domain of Email Classification},
	Year = {2011}}

@article{peifeng2007,
	Author = {Peifeng LI, Jinhui LI},
	Title = {An Approach to Email Categorization with the ME Model},
	Year = {2007}}

@article{taiwo2007,
	Author = {Taiwo Ayodele, Shikun Zhou, Rinat Khusainov},
	Title = {Email Classification: Solution with Back Propagation Technique},
	Year = {2007}}

@article{RON04,
	Author = {Ron Bekkerman, Andrew McCallum, Gary Huang},
	Title = {Automatic Categorization of Email into Folders: Benchmark Experiments on Enron and SRI Corpora},
	Year = {2004}}

@article{ANI03,
	Author = {Ani Nenkova, Amit Bagga},
	Title = {Email Classification for Contact Centers},
	Year = {2003}}

@article{JOSE11,
	Author = {  Jose M. Carmona-Cejudo, Manuel Baena-Garcia, Jose del Campo-Avila, Rafael Morales-Bueno, Joao Gama, Albert Bifet},
	Title = {Using GNUsmail to Compare Data Stream Mining Methods for On-line Email Classification},
	Year = {2011}}

@article{NOUF08,
	Author = {  Nouf Al Fe'ar, Einas Al Turki, Asma Al Zaid, Mashael Al Duwais, Mona Al Sheddi, Nora Al khamees, Nouf Al Drees},
	Title = {E-Classifier: A Bi-Lingual Email Classification System},
	Year = {2008}}

@article{NARESH10,
	Author = {  Naresh Kumar Nagwani, Ashok Bhansali},
	Title = {An Object Oriented Email Clustering Model Using Weighted Similarities between Emails Attributes},
	Year = {2010}}

@article{BASKARAN09,
	Author = {S. Baskaran},
	Title = {Content Based Email Classification System by applying Conceptual Maps},
	Year = {2009}}

@article{CHAO08,
	Author = {Chao Zeng, Zhao Lu, Junzhong Gu},
	Title = {A new approach to Email classification using Concept Vector Space Model},
	Year = {2009}}

@article{BALAKUMAR08,
	Author = {M.Balakumar, V.Vaidehi},
	Title = {Ontology based classification and categorization of email},
	Year = {2008}}

@article{MIN11,
	Author = {Min-Feng Wang, Sie-Long Jheng, Meng-Feng Tsai, Cheng-Hsien Tang},
	Title = {Enterprise Email Classification Based on Social Network Features},
	Year = {2011}}

@article{MD07,
	Author = {Md Rafiqul Islam, Wanlei Zhou},
	Title = {Email Categorization Using Multi-Stage Classification Technique},
	Year = {2007}}

@article{YEHUDA11,
	Author = {  Yehuda Koren, Edo Liberty, Yoelle Maarek, Roman Sandler},
	Title = {Automatically Tagging Email by Leveraging Other Users' Folders},
	Year = {2011}}

@article{WENQING05,
	Author = {Wenqing Zhao, Zili Zhang},
	Title = {An Email Classification Model Based on Rough Set Theory},
	Year = {2005}}

@article{sift01,
	Author = {Lokesh Shrestha, Kathleen McKeown},
	Title = {eMailSift: Email Classification Based on Structure and Content},
	Year = {2004}}

@article{sift02,
	Author = {Sharma Chakravarthy, Aravind Venkatachalam, Aditya Telang},
	Title = {A Graph-Based Approach for Multi-Folder Email Classification},
	Year = {2010}}

@article{mous03,
	Author = {  Taiwo Ayodele, Shikun Zhou},
	Title = {Applying Machine learning Algorithms for Email Management},
	Year = {2008}}

@article{mous04,
	Author = {Jason Chan, Irena Koprinska, Josiah Poon},
	Title = {Co-training with a Single Natural Feature Set Applied to Email Classification},
	Year = {2004}}

@article{mous05,
	Author = {  Jason Chan, Irena Koprinska, Josiah Poon},
	Title = {Email Classification: Solution with Back Propagation Technique},
	Year = {2009}}

@article{LOKESH04,
	Author = {  Lokesh Shrestha, Kathleen McKeown},
	Title = {Detection of question-answer pairs in email conversations},
	Year = {2004}}

@article{KATHLEEN07,
	Author = {Kathleen McKeown, Lokesh Shrestha, Owen Rambow},
	Title = {Using Question-Answer Pairs in Extractive Summarization of Email Conversations},
	Year = {2007}}

@article{GIUSEPPE07,
	Author = {Giuseppe Carenini, Raymond T. Ng, Xiaodong Zhou},
	Title = {Summarizing Email Conversations with Clue Words},
	Year = {2007}}

@article{SMAR01,
	Author = {  Smaranda Muresan, Evelyne Tzoukermann, Judith L. Klavans},
	Title = {Combining Linguistic and Machine Learning Techniques for Email
Summarization},
	Year = {2001}}

@article{JAN09,
	Author = {Jan Ulrich, Giuseppe Carenini, Gabriel Murray, Raymond Ng},
	Title = {Regression-Based Summarization of Email Conversations},
	Year = {2009}}

@article{SVETLANA01,
	Author = {Svetlana Kiritchenko, Stan Matwin},
	Title = {Email Classification with Co-Training},
	Year = {2001}}

@article{YUN08,
	Author = {Svetlana Kiritchenko, Stan Matwin},
	Title = {Email classification Using Semantic Feature Space},
	Year = {2008}}

@article{MANUEL11,
	Author = {Jose M. Carmona-Cejudo, Manuel Baena-Garcia, Jose del Campo-Avila, Rafael Morales-Bueno, Albert Bifet},
	Title = {GNUsmail: Open Framework for On-line Email Classification},
	Year = {2011}}

@article{KIRI2004,
	Author = {S Kiritchenko, S Matwin},
	Title = {Email classification with temporal features},
	Year = {2004}}

@article{Anatomy00,
	Title = {Anatomy of an email message},
	Author = {http://www.rickconner.net/spamweb/anatomy.html}}




